<?xml version="1.0" encoding="UTF-8"?><collection xmlns="http://www.loc.gov/MARC21/slim"><record><leader>00546nam--2200193-i-4500</leader><controlfield tag="001">000041158</controlfield><controlfield tag="002">20161230</controlfield><controlfield tag="005">20161230201043</controlfield><controlfield tag="008">060222s1000------------r-----000-0-rus-d</controlfield><datafield ind1=" " ind2=" " tag="040"><subfield code="a">IFIN-HH</subfield></datafield><datafield ind1=" " ind2=" " tag="041"><subfield code="a">rus</subfield></datafield><datafield ind1=" " ind2=" " tag="080"><subfield code="a">621.375.82:538.94</subfield></datafield><datafield ind1="1" ind2=" " tag="100"><subfield code="a">Bertein, Francois</subfield></datafield><datafield ind1="1" ind2="0" tag="245"><subfield code="a">Osnovi kvantovoi elektroniki</subfield><subfield code="c">Francois bertein</subfield></datafield><datafield ind1=" " ind2=" " tag="260"><subfield code="a">Moskva</subfield><subfield code="b">Mir</subfield><subfield code="c">1971</subfield></datafield><datafield ind1=" " ind2=" " tag="300"><subfield code="a">629P</subfield></datafield><datafield ind1=" " ind2=" " tag="500"><subfield code="a">Titlul Original In Limba Franceza:Absorption Et Emission De Champ Electromagnetique</subfield></datafield><datafield ind1=" " ind2=" " tag="852"><subfield code="a">36685</subfield><subfield code="c">539.2</subfield></datafield><datafield ind1=" " ind2=" " tag="CAT"><subfield code="a">Sys</subfield><subfield code="c">20121019</subfield><subfield code="h">144832</subfield></datafield></record></collection>